%
% Remi Beges PhD final report
%

@book{Perrin,
    author = "Daniel Perrin",
    title = "La suite logistique et le chaos",
    year = "2008",
    publisher = "IREM"
}
